@misc{Ariane5,
  author = {C. Baraniuk},
  title  = {The {N}umber {G}litch {T}hat {C}an {L}ead to {C}atastrophe},
  editor = {BBC},
  month  = {May},
  year   = {2015},
  url    = {http://goo.gl/qabuJF},
  note   = {[Online; posted 5-May-2015]},
}

@book{Myers:2011,
  author    = {Myers, G.J. and Badgett, T. and Sandler, C.},
  title     = {The {A}rt of {S}oftware {T}esting},
  publisher = {Wiley},
  year      = 2011,
  edition   = 3,
}

@inproceedings{Mayer:2008,
  author    = {Mayer, W. and Stumptner, M.},
  title     = {Evaluating {M}odels for {M}odel-{B}ased {D}ebugging},
  booktitle = {Proceedings of the 2008 23rd IEEE/ACM International Conference on Automated Software Engineering},
  year      = {2008},
  pages     = {128--137},
}

@inproceedings{RochaBCN12,
  author    = {Herbert Rocha and
               Raimundo S. Barreto and
               Lucas C. Cordeiro and
               Arilo Dias Neto},
  title     = {Understanding Programming Bugs in {ANSI-C} Software Using Bounded
               Model Checking Counter-Examples},
  booktitle = {Integrated Formal Methods - 9th International Conference, {IFM} 2012,
               Pisa, Italy, June 18-21, 2012. Proceedings},
  pages     = {128--142},
  year      = {2012},
  series    = {Lecture Notes in Computer Science},
  volume    = {7321},
  publisher = {Springer},
  doi       = {10.1007/978-3-642-30729-4_10}
}

@article{MonteiroASICF18,
  author    = {Felipe R. Monteiro and
               Erickson H. da S. Alves and
               Isabela da Silva and
               Hussama Ismail and
               Lucas C. Cordeiro and
               Eddie Batista de Lima Filho},
  title     = {{ESBMC-GPU} {A} context-bounded model checking tool to verify {CUDA}
               programs},
  journal   = {Sci. Comput. Program.},
  volume    = {152},
  pages     = {63--69},
  year      = {2018},
  doi       = {10.1016/j.scico.2017.09.005}
}

@article{AlvesCF17,
  author    = {Erickson H. da S. Alves and
               Lucas C. Cordeiro and
               Eddie Batista de Lima Filho},
  title     = {A method to localize faults in concurrent {C} programs},
  journal   = {Journal of Systems and Software},
  volume    = {132},
  pages     = {336--352},
  year      = {2017},
  url       = {https://doi.org/10.1016/j.jss.2017.03.010},
  doi       = {10.1016/j.jss.2017.03.010}
}

@inproceedings{AlvesCF15,
  author    = {Erickson H. da S. Alves and
               Lucas C. Cordeiro and
               Eddie Batista de Lima Filho},
  title     = {Fault Localization in Multi-threaded {C} Programs Using Bounded Model
               Checking},
  booktitle = {2015 Brazilian Symposium on Computing Systems Engineering, {SBESC}
               2015, Foz do Iguacu, Brazil, November 3-6, 2015},
  publisher = {{IEEE} Computer Society},
  pages     = {96--101},
  year      = {2015},
  doi       = {10.1109/SBESC.2015.25}
}

@article{Tip:1995,
  author  = {Tip, F.},
  title   = {A {S}urvey of {P}rogram {S}licing {T}echniques},
  journal = {Journal of Programming Languages},
  year    = {1995},
  pages   = {121--189},
}

@article{Offutt:1996,
  author  = {Offutt, A. Jefferson and Lee, Ammei and Rothermel, Gregg and Untch, Roland H. and Zapf, Christian},
  title   = {An {E}xperimental {D}etermination of {S}ufficient {M}utant {O}perators},
  journal = {ACM Transactions on Software Engineering and Methodology},
  number  = {2},
  year    = {1996},
  pages   = {99--118},
}

@inproceedings{He:2004,
  author    = {He, H. and Gupta, N.},
  title     = {Automated {D}ebugging using {P}ath-{B}ased {W}eakest {P}reconditions},
  booktitle = {Fundamental Approaches to Software Engineering, Springer, LNCS},
  year      = {2004},
  pages     = {267--280},
}

@inproceedings{Cleve:2005,
  author    = {Cleve, H. and Zeller, A.},
  title     = {Locating {C}auses of {P}rogram {F}ailures},
  booktitle = {Proceedings of the 27th International Conference on Software Engineering},
  year      = {2005},
  pages     = {342--351},
}

@misc{Zeller:2006,
  author = {A. Zeller},
  title  = {Ask{I}gor: {A}utomated {D}ebugging},
  year   = {2006},
  url    = {http://www.st.cs.uni-saarland.de/askigor/},
}

@inproceedings{Godefroid:2008,
  author    = {Godefroid, P. and Nagappan, N.},
  title     = {Concurrency at {M}icrosoft: {A}n {E}xploratory {S}urvey},
  booktitle = {CAV Workshop on Exploiting Concurrency Efficiently and Correctly},
  year      = {2008}
}

@article{Friedrich:1996,
  author  = {Friedrich, G. and Stumptner, M. and Wotawa, F.},
  title   = {Model-{B}ased {D}iagnosis of {H}ardware {D}esigns},
  journal = {Artificial Intelligence},
  year    = {1996},
  pages   = {3--39},
}

@inproceedings{Chaki:2004,
  author    = {Chaki, S. and Groce, A. and Strichman, O.},
  title     = {Explaining {A}bstract {C}ounterexamples},
  booktitle = {Proceedings of the 12th ACM SIGSOFT International Symposium on Foundations of Software Engineering},
  year      = {2004},
  pages     = {73--82},
}

@book{Zeller:2009,
  author    = {Zeller, A.},
  title     = {Why {P}rograms {F}ail: {A} {G}uide to {S}ystematic {D}ebugging},
  publisher = {Morgan Kaufmann},
  year      = 2009,
  edition   = 2,
}

@book{Ohanian:2006,
  author    = {Ohanian, H. and Markert, J.},
  title     = {Physics for {E}ngineers and {S}cientists},
  publisher = {W. W. Norton \& Company},
  year      = 2006,
  edition   = 3,
}

@book{Cormen:2009,
  author    = {Cormen, T. H. and Leiserson, C. E. and Rivest, R. L. and Stein, C.},
  title     = {Introduction to {A}lgorithms},
  year      = {2009},
  publisher = {The MIT Press},
  edition   = 3,
}

@article{Griesmayer:2007,
  author  = {Griesmayer, A. and Staber, S. and Bloem, R.},
  title   = {Automated {F}ault {L}ocalization for {C} {P}rograms},
  journal = {Electronic Notes in Theoretical Computer Science},
  year    = {2007},
  pages   = {95--111},
}

@inproceedings{PereiraAMSCCSF16,
  author    = {Phillipe A. Pereira and
               Higo F. Albuquerque and
               Hendrio Marques and
               Isabela da Silva and
               Celso Carvalho and
               Lucas C. Cordeiro and
               Vanessa Santos and
               Ricardo Ferreira},
  title     = {Verifying {CUDA} programs using SMT-based context-bounded model checking},
  booktitle = {Proceedings of the 31st Annual {ACM} Symposium on Applied Computing,
               Pisa, Italy, April 4-8, 2016},
  pages     = {1648--1653},
  year      = {2016},
  doi       = {10.1145/2851613.2851830}
}


@inproceedings{MorseCNF13,
  author    = {Jeremy Morse and
               Lucas C. Cordeiro and
               Denis A. Nicole and
               Bernd Fischer},
  title     = {Handling Unbounded Loops with {ESBMC} 1.20 - (Competition Contribution)},
  booktitle = {Tools and Algorithms for the Construction and Analysis of Systems
               - 19th International Conference, {TACAS} 2013, Held as Part of the
               European Joint Conferences on Theory and Practice of Software, {ETAPS}
               2013, Rome, Italy, March 16-24, 2013. Proceedings},
  pages     = {619--622},
  year      = {2013},
  series    = {Lecture Notes in Computer Science},
  volume    = {7795},
  doi       = {10.1007/978-3-642-36742-7_47}
}

@inproceedings{DBLP:conf/tacas/MorseRCN014,
  author    = {Jeremy Morse and
               Mikhail Ramalho and
               Lucas C. Cordeiro and
               Denis A. Nicole and
               Bernd Fischer},
  title     = {{ESBMC} 1.22 - (Competition Contribution)},
  booktitle = {Tools and Algorithms for the Construction and Analysis of Systems
               - 20th International Conference, {TACAS} 2014, Held as Part of the
               European Joint Conferences on Theory and Practice of Software, {ETAPS}
               2014, Grenoble, France, April 5-13, 2014. Proceedings},
  pages     = {405--407},
  series    = {Lecture Notes in Computer Science},
  volume    = {8413},
  year      = {2014},
  doi       = {10.1007/978-3-642-54862-8_31}
}


@inproceedings{Qadeer:2004,
  author    = {Qadeer, S. and Wu, D.},
  title     = {{KISS}: {K}eep {I}t {S}imple and {S}equential},
  booktitle = {Proceedings of the ACM SIGPLAN 2004 Conference on Programming Language Design and Implementation},
  year      = {2004},
  pages     = {14--24},
}

@article{Biere:2003,
  author  = {Biere, A. and Cimatti, A. and Clarke, E.M. and Strichman, O. and Zhu, Y.},
  title   = {Bounded {M}odel {C}hecking},
  journal = {Advances in Computers},
  year    = {2003},
  pages   = {117--148},
}

@inproceedings{Alves:2015,
  author = {Alves, E.H.S. and Cordeiro, L.C. and Lima Filho, E.B.},
  booktitle = {2015 Brazilian Symposium on Computing Systems Engineering (SBESC)},
  title = {Fault {L}ocalization in {M}ulti-{T}hreaded {C} {P}rograms {U}sing {B}ounded {M}odel {C}hecking},
  year = {2015},
  pages = {96--101},
}

@inproceedings{Morse:2011,
  author    = {Jeremy Morse and
               Lucas C. Cordeiro and
               Denis Nicole and
               Bernd Fischer},
  title     = {Context-Bounded Model Checking of {LTL} Properties for {ANSI-C} Software},
  booktitle = {9th International Conference Software Engineering and Formal Methods {SEFM}},
  pages     = {302--317},
  series    = {LNCS},
  volume    = {7041},
  year      = {2011}
}

@article{Cordeiro:2015,
  author    = {Jeremy Morse and
               Lucas C. Cordeiro and
               Denis Nicole and
               Bernd Fischer},
  title     = {Model checking {LTL} properties over {ANSI-C} programs with bounded
               traces},
  journal   = {Software and System Modeling},
  volume    = {14},
  number    = {1},
  pages     = {65--81},
  year      = {2015}
}

@article{Cordeiro:2012,
  author  = {Cordeiro, L.C. and Fischer, B. and Marques-Silva, J.},
  title   = {SMT-{B}ased {B}ounded {M}odel {C}hecking for {E}mbedded {ANSI}-{C} {S}oftware},
  journal = {IEEE Transactions on Software Engineering},
  year    = {2012},
  pages   = {957--974},
}

@inproceedings{Torre:2009,
  author    = {{La Torre}, S. and Madhusudan, P. and Parlato, G.},
  title     = {Reducing {C}ontext-{B}ounded {C}oncurrent {R}eachability to {S}equential {R}eachability},
  booktitle = {Proceedings of the 21st International Conference on Computer Aided Verification},
  year      = {2009},
  pages     = {477--492},
}

@inproceedings{Inverso:2014,
  author    = {Inverso, O. and Tomasco, E. and Fischer, B. and La Torre, S. and Parlato, G.},
  title     = {Bounded {M}odel {C}hecking of {M}ulti-{T}hreaded {C} {P}rograms via {L}azy {S}equentialization},
  booktitle = {Proceedings of the 16th International Conference on Computer Aided Verification},
  year      = {2014},
  pages     = {585--602},
}

@inproceedings{Inverso:2014_2,
  author    = {Inverso, O. and Tomasco, E. and Fischer, B. and {La Torre}, S. and Parlato, G.},
  title     = {Lazy-CSeq: {A} {L}azy {S}equentialization {T}ool for {C} - ({C}ompetition {C}ontribution)},
  booktitle = {Tools and Algorithms for the Construction and Analysis of Systems},
  year      = {2014},
  pages     = {398--401},
}

@inproceedings{Clarke:2004,
  author    = {Clarke, E. and Kroening, D. and Lerda, F.},
  title     = {A {T}ool for {C}hecking {ANSI}-{C} {P}rograms},
  booktitle = {Tools and Algorithms for the Construction and Analysis of Systems},
  year      = {2004},
  pages     = {168--176},
  publisher = {Springer}
}

@inproceedings{Clarke:1995,
  author    = {Clarke, E. M. and Grumberg, O. and McMillan, K. L. and Zhao, X.},
  title     = {Efficient {G}eneration of {C}ounterexamples and {W}itnesses in {S}ymbolic {M}odel {C}hecking},
  booktitle = {Proceedings of the 32nd Annual ACM/IEEE Design Automation Conference},
  year      = {1995},
  pages     = {427--432},
}

@inproceedings{Clarke:2003,
  author    = {Clarke, E. M. and Veith, H.},
  title     = {Counterexamples {R}evisited: {P}rinciples, {A}lgorithms, {A}pplications},
  booktitle = {Verification: Theory and Practice, Essays Dedicated to Zohar Manna on the Occasion of His 64th Birthday},
  year      = {2003},
  pages     = {208--224},
}

@inproceedings{Ball:2003,
  author    = {Ball, T. and Naik, M. and Rajamani, S. K.},
  title     = {From {S}ymptom to {C}ause: {L}ocalizing {E}rrors in {C}ounterexample {T}races},
  booktitle = {Proceedings of the 30th ACM SIGPLAN-SIGACT Symposium on Principles of Programming Languages},
  year      = {2003},
  pages     = {97--105},
}

@inproceedings{Ball:2001,
  author    = {Ball, T. and Rajamani, S. K.},
  title     = {Automatically {V}alidating {T}emporal {S}afety {P}roperties of {I}nterfaces},
  booktitle = {Proceedings of the 8th International SPIN Workshop on Model Checking of Software},
  year      = {2001},
  pages     = {103--122},
}

@inproceedings{Groce:2003,
  author    = {Groce, A. and Visser, W.},
  title     = {What {W}ent {W}rong: {E}xplaining {C}ounterexamples},
  booktitle = {Proceedings of the 10th International Conference on Model Checking Software},
  year      = {2003},
  pages     = {121--136},
}

@misc{JPF,
  title = {Java {P}athfinder: {F}ramework for {V}erification of {J}ava {P}rograms},
  url   = {http://babelfish.arc.nasa.gov/trac/jpf},
}

@article{Groce:2006,
  author  = {Groce, A. and Chaki, S. and Kroening, D. and Strichman, O;},
  title   = {{E}rror {E}xplanation with {D}istance {M}etrics},
  journal = {International Journal on Software Tools for Technology Transfer},
  year    = {2006},
  pages   = {229--247},
}

@misc{Griesmayer:2007_2,
  author = {Griesmayer, A.},
  title  = {Dissertation {D}ebugging {S}oftware: {F}rom {V}erification to {R}epair},
  year   = {2007},
}

@book{Butenhof:1997,
  author    = {Butenhof, D. R.},
  title     = {Programming with {POSIX} {T}hreads},
  year      = {1997},
  publisher = {Addison-Wesley Longman Publishing Co., Inc.},
}

@inproceedings{Jones:2002,
  author    = {Jones, J. A. and Harrold, M. J. and Stasko, J.},
  title     = {Visualization of {T}est {I}nformation to {A}ssist {F}ault {L}ocalization},
  booktitle = {Proceedings of the 24th International Conference on Software Engineering},
  year      = {2002},
  pages     = {467--477},
}

@inproceedings{Birch:2015,
  author    = {Birch, G. and Fischer, B. and Poppleton, M. R.},
  title     = {Fast {M}odel-{B}ased {F}ault {L}ocalisation with {T}est {S}uites},
  booktitle = {9th International Conference Tests and Proofs},
  pages     = {38--57},
  year      = {2015},
}

@inproceedings{Cadar:2008,
  author = {Cadar, C. and Dunbar, D. and Engler, D.},
  title = {{KLEE}: {U}nassisted and {A}utomatic {G}eneration of {H}igh-{C}overage {T}ests for {C}omplex {S}ystems {P}rograms},
  booktitle = {Proceedings of the 8th USENIX Conference on Operating Systems Design and Implementation},
  year = {2008},
  pages = {209--224},
}

@inproceedings{Tomasco:2015,
  author    = {Tomasco, E. and Inverso, O. and Fischer, B. and {La Torre}, S. and Parlato, G.},
  title     = {Verifying {C}oncurrent {P}rograms by {M}emory {U}nwinding},
  booktitle = {21st International Conference Tools and Algorithms for the Construction and Analysis of Systems},
  pages     = {551--565},
  year      = {2015},
}

@inproceedings{Cordeiro:2010,
  author    = {Lucas C. Cordeiro},
  title     = {{SMT}-based {B}ounded {M}odel {C}hecking for {M}ulti-{T}hreaded {S}oftware in {E}mbedded {S}ystems},
  booktitle = {Proceedings of the 32nd {ACM/IEEE} International Conference on Software Engineering},
  pages     = {373--376},
  year      = {2010}
}

@inproceedings{Cordeiro:2011,
  author    = {Cordeiro, L. and Fischer, B.},
  title     = {Verifying {M}ulti-{T}hreaded {S}oftware {U}sing {SMT}-{B}ased {C}ontext-{B}ounded {M}odel {C}hecking},
  booktitle = {Proceedings of the 33rd International Conference on Software Engineering},
  year      = {2011},
  pages     = {331--340},
}

@misc{Park:2014,
  author = {Park, S. M.},
  title  = {Effective {F}ault {L}ocalization {T}echniques for {C}oncurrent {S}oftware},
  year   = {2014},
}

@inproceedings{Jose:2011,
  author    = {Jose, M. and Majumdar, R.},
  title     = {Cause {C}lue {C}lauses: {E}rror {L}ocalization {U}sing {M}aximum {S}atisfiability},
  booktitle = {Proceedings of the 32nd ACM SIGPLAN Conference on Programming Language Design and Implementation},
  year      = {2011},
  pages     = {437--446},
}

@inproceedings{Brummayer:2009,
  author    = {Brummayer, R. and Biere, A.},
  title     = {Boolector: {A}n {E}fficient {SMT} {S}olver for {B}it-{V}ectors and {A}rrays},
  booktitle = {Tools and Algorithms for the Construction and Analysis of Systems, 15th International Conference},
  pages     = {174--177},
  year      = {2009},
}

@article{Papadakis:2015,
  author  = {Papadakis, M. and Le Traon, Y.},
  title   = {Metallaxis-{FL}: {M}utation-{B}ased {F}ault {L}ocalization},
  journal = {Software Testing, Verification and Reliability},
  pages   = {605--628},
  year    = {2015},
}

@inproceedings{Hong:2015,
author    = {Hong, S. and Lee, B. and Kwak, T. and Jeon, Y. and Ko, B. and Kim, Y. and Kim, M.},
booktitle = {2015 30th IEEE/ACM International Conference on Automated Software Engineering (ASE)},
title     = {Mutation-{B}ased {F}ault {L}ocalization for {R}eal-{W}orld {M}ultilingual {P}rograms},
year      = {2015},
pages     = {464--475},
}

@inbook{Beyer:2016,
author    = {Beyer, D.},
title     = {Reliable and {R}eproducible {C}ompetition {R}esults with {B}ench{E}xec and {W}itnesses ({R}eport on {SV}-{COMP} 2016)},
bookTitle = {Tools and {A}lgorithms for the {C}onstruction and {A}nalysis of {S}ystems: 22nd {I}nternational {C}onference, {TACAS} 2016},
year      = {2016},
pages     = {887--904},
}

@article{Gadelha:2017,
author  = {Gadelha, M. Y. R. and Ismail, H. I. and Cordeiro, L. C.},
title   = {Handling {L}oops in {B}ounded {M}odel {C}hecking of {C} {P}rograms via k-{I}nduction},
journal = {Software Tools for Technology Transfer},
year    = {2017},
pages   = {97--114},
}

@article{Pereira:2016,
author  = {Pereira, P. and Albuquerque, H. and Da Silva, I. and Marques, H. and Monteiro, F. Ferreira, R. and Cordeiro, L.},
title   = {{SMT}-{B}ased {C}ontext-{B}ounded {M}odel {C}hecking for {CUDA} {P}rograms},
journal = {Concurrency and Computation: Practice and Experience},
year    = {2016},
}

@article{Trindade:2016,
author  = {Trindade A. B. and Degelo, R. F. and Dos Santos Junior, E. G. and Ismail, H. I. and Da Silva, H. C. and Cordeiro, L. C.},
title   = {Multi-{C}ore {M}odel {C}hecking and {M}aximum {S}atisfiability {A}pplied to {H}ardware-{S}oftware {P}artitioning},
journal = {Journal of Embedded Systems},
year    = {2016},
}

@article{Nicole:2017,
author = {Ramalho, M. and Cordeiro, L. and Nicole, D. A.},
year   = {2017},
title  = {Counterexample-{G}uided k-{I}nduction {V}erification for {F}ast {B}ug {D}etection},
}

@article{Monteiro:2017,
author  = {Monteiro, F. R. and Garcia, M. A. P. and Cordeiro, L. C. and De Lima Filho, E. B.},
title   = {Bounded {M}odel {C}hecking of {C}++ {P}rograms {B}ased on the {Q}t {C}ross-{P}latform {F}ramework},
journal = {Software Testing, Verification and Reliability},
year    = {2017},
}

@InProceedings{Moura:2009,
author    = {Moura, L. and Bj{\o}rner, N.},
title     = {Satisfiability {M}odulo {T}heories: {A}n {A}ppetizer},
booktitle = {Formal Methods: Foundations and Applications},
year      = {2009},
pages     = {23--36},
}

@inproceedings{Moura:2008,
author    = {Moura, L. and Bj{\o}rner, N.},
title     = {Z3: {A}n {E}fficient {SMT} {S}olver},
booktitle = {Tools and Algorithms for the Construction and Analysis of Systems},
year      = {2008},
pages     = {337--340},
}

@article{Moura:2018,
author = {Bj{\o}rner, N. and Moura, L.},
year   = {2018},
title  = {Z310: {A}pplications, {E}nablers, {C}hallenges and {D}irections}
}